% ГОСТ Р 7.0.11-2011, Приложение Б, Книги

@BOOK{Darwin,
  author    = {Darwin, C.},
  title     = {On the Origin of Species by Means of Natural Selection, or the Preservation of Favoured Races in the Struggle for Life},
  address = {London},
  publisher = {John Murray},
  year      = {1859},
  language  = {english}
}

@BOOK{Lamark,
  author    = {Lamarck, J. B.},
  title     = {Philosophie zoologique},
  publisher = {Dentu},
  year      = {1809},
  language  = {english}
}

@BOOK{Malthus,
  author    = {Malthus, T.},
  title     = {An Essay on the Principle of Population, as it affects the future Improvement of Society},
  address = {London},
  publisher = {J.Johnson},
  year      = {1798},
  language  = {english}
}

@ARTICLE{Verhlust,
  author   = {Verhlust, P.},
  title    = {Notice sur la loi que la population poursuit dans son accroissement},
  journal  = {Corresp. Math. Phys.},
  year     = {1838},
  number   = {10},
  pages    = {113-121},
  language = {english}
}